<record><leader>00000cas a22000007a 4500</leader><controlfield tag="001">13109386</controlfield><controlfield tag="008">860205d1911191uwvuwr ne      0    0eng d</controlfield><datafield ind1=" " ind2=" " tag="010"><subfield code="a">sn 86092184 </subfield></datafield><datafield ind1=" " ind2=" " tag="040"><subfield code="a">WVC</subfield><subfield code="b">eng</subfield><subfield code="c">WVC</subfield><subfield code="d">OCL</subfield><subfield code="d">OCLCQ</subfield></datafield><datafield ind1=" " ind2=" " tag="042"><subfield code="a">msc</subfield></datafield><datafield ind1="0" ind2="4" tag="245"><subfield code="a">The Weekly new dominion.</subfield></datafield><datafield ind1=" " ind2=" " tag="260"><subfield code="a">Morgantown, W. Va. :</subfield><subfield code="b">Dominion News Co.,</subfield><subfield code="c">1911-</subfield></datafield><datafield ind1=" " ind2=" " tag="300"><subfield code="a">v.</subfield></datafield><datafield ind1=" " ind2=" " tag="310"><subfield code="a">Weekly</subfield></datafield><datafield ind1="0" ind2=" " tag="362"><subfield code="a">New ser. vol. 36, no. 22 (May 24, 1911)-</subfield></datafield><datafield ind1="1" ind2=" " tag="362"><subfield code="a">Ceased after 1917.</subfield></datafield><datafield ind1=" " ind2=" " tag="500"><subfield code="a">"Democratic."</subfield></datafield><datafield ind1=" " ind2=" " tag="580"><subfield code="a">Issued also in a daily entitled: New dominion.</subfield></datafield><datafield ind1=" " ind2=" " tag="752"><subfield code="a">United States</subfield><subfield code="b">West Virginia</subfield><subfield code="c">Monongalia</subfield><subfield code="d">Morgantown.</subfield></datafield><datafield ind1="0" ind2=" " tag="775"><subfield code="t">New dominion (Daily)</subfield><subfield code="w">(DLC)sn 86092152</subfield></datafield><datafield ind1="0" ind2="0" tag="780"><subfield code="t">New dominion-news</subfield><subfield code="w">(DLC)sn 86092183</subfield></datafield></record>